<?xml version="1.0" encoding="UTF-8"?><collection xmlns="http://www.loc.gov/MARC21/slim"><record><leader>00524nam--2200145-i-4500</leader><controlfield tag="001">000022862</controlfield><controlfield tag="002">20161230</controlfield><controlfield tag="005">20161230201034</controlfield><controlfield tag="008">060222s1000------------r-----000-0-eng-d</controlfield><datafield ind1=" " ind2=" " tag="080"><subfield code="a">621.3011.5:621.315.614.6:621.316.9</subfield></datafield><datafield ind1=" " ind2=" " tag="100"><subfield code="a">Grzybowski, Stanislav</subfield></datafield><datafield ind1=" " ind2=" " tag="245"><subfield code="a">The dielectric strength of impregnated capacitor paper at switching surges</subfield></datafield><datafield ind1=" " ind2=" " tag="260"><subfield code="a">Bucuresti, Cons. Nat. Al Ing. Si Tehn., 1969. 14p</subfield></datafield><datafield ind1=" " ind2=" " tag="490"><subfield code="a">A Doua Conferinta  A Electricienilor. Vii. Sectia Teorie, Materiale Si Masurari Electrice)</subfield></datafield><datafield ind1=" " ind2=" " tag="852"><subfield code="a">31689</subfield></datafield></record></collection>